% This file was created with JabRef 2.6.
% Encoding: UTF8

@BOOK{courant1977zh,
  title = {{数学物理方法 II}},
  publisher = {科学出版社},
  year = {1977},
  author = {柯朗, R. and 希尔伯特, D.},
  address = {北京},
  edition = {1},
  note = {熊振翔, 杨应辰 译},
  file = {:physics/柯朗数学物理/数学物理方法 II. Courant-Hilbert.djvu:Djvu}
}

@BOOK{courant1958zh,
  title = {{数学物理方法 I}},
  publisher = {科学出版社},
  year = {1958},
  author = {柯朗, R. and 希尔伯特, D.},
  address = {北京},
  edition = {1},
  note = {钱敏, 郭敦仁 译},
  file = {:physics/柯朗数学物理/数学物理方法 I. Courant-Hilbert.djvu:Djvu}
}

@BOOK{anderson2001book,
  title = {Fundamentals of Aerodynamics},
  publisher = {McGraw-Hill},
  year = {2001},
  author = {Anderson, J.D.},
  edition = {Third},
  comment = {with solutions for 4th edition. The 5th edition of the book is published
	in 2010, however I can not find it.},
  file = {:Fundamentals_of_Aerodynamics/Fundamentals of Aerodynamics_3ed_Anderson.djvu:Djvu;:Fundamentals_of_Aerodynamics/Fundamentals_of_Aerodynamics_3ed_Anderson.pdf:PDF;:Fundamentals_of_Aerodynamics/Fundamentals of Aerodynamics_solution_4ed.pdf:PDF}
}

@BOOK{anderson1995book,
  title = {Computational Fluid Dynamics: The Basics with Applications},
  publisher = {McGraw-Hill},
  year = {1995},
  author = {Anderson, J.D.},
  comment = {I have a chinese version of the book. I think it is a good one for
	the beginner.},
  file = {:CFD - the Basics with Applications_Anderson.pdf:PDF}
}

@BOOK{anderson2007book,
  title = {计算流体力学基础及其应用},
  publisher = {机械工业出版社},
  year = {2007},
  author = {Anderson, J.D. and 吴颂平 and 刘赵淼},
  file = {:计算流体力学基础及其应用_Anderson.pdf:PDF}
}

@BOOK{ashby2005write,
  title = {{How to Write a Paper}},
  publisher = {Engineering Department, University of Cambridge, 6th ed.},
  year = {2005},
  author = {Ashby, M.},
  pages = {47},
  file = {:tools and stories/How_to_write_a_paper_6th_edition_2005.pdf:PDF}
}

@BOOK{baines1994book,
  title = {Moving Finite Elements},
  publisher = {Oxford University Press},
  year = {1994},
  author = {Baines, M. J.},
  address = {New York}
}

@BOOK{beckenbach1965inequalities,
  title = {{Inequalities}},
  publisher = {Springer-Verlag},
  year = {1961},
  author = {Beckenbach, E.F. and Bellman, R.},
  address = {Berlin},
  isbn = {0387032835}
}

@BOOK{boltzmann1995lectures,
  title = {{Lectures on Gas Theory}},
  publisher = {Dover Pubns},
  year = {1995},
  author = {Boltzmann, L.},
  isbn = {0486684555}
}

@BOOK{bondeson2005book,
  title = {Computational Electromagnetics},
  publisher = {Springer Science+Business Media},
  year = {2005},
  author = {Bondeson, Anders and Rylander, Thomas and Ingelstr{\"o}m, P{\"o}r},
  volume = {51},
  series = {Texts in Applied Mathematics},
  address = {New York},
  file = {:Computational_electromagnetics_Bondeson.pdf:PDF}
}

@BOOK{Born-Wolf1999book,
  title = {Principles of Optics: Electromagnetic Theory of Propagation, Interference
	and Diffraction of Light},
  publisher = {Cambridge University Press},
  year = {1999},
  author = {Born, M. and Wolf, E.},
  file = {:physics/Principles_of_Optics_7th_ed_Born-Wolf.djvu:Djvu}
}

@BOOK{Born-Wolf1999chinese,
  title = {光学原理 光的传播、干涉和衍射的电磁理论},
  publisher = {Cambridge University Press},
  year = {1999},
  author = {Born, M. and Wolf, E.},
  file = {:physics/光学原理  光的传播、干涉和衍射的电磁理论 上、下册_波恩.pdf:PDF}
}

@BOOK{braess2007book,
  title = {Finite Elements: Theory, Fast Solvers, and Applications in Elasticity
	Theory},
  publisher = {Cambridge University Press},
  year = {2007},
  author = {Braess, D.},
  edition = {3},
  file = {:FE Theory Fast Solvers in Solid Mechanics_Braess.pdf:PDF}
}

@BOOK{brandt2011book,
  title = {Multigrid Techniques: 1984 Guide with Applications to Fluid Dynamics},
  publisher = {SIAM},
  year = {2011},
  author = {Achi Brandt and Oren E. Livne},
  series = {Classics in Applied Mathematics},
  edition = {Revised},
  file = {:Multigrid Techniques-1984 Guide to FD_Brandt.pdf:PDF}
}

@BOOK{brenner-scott2008book,
  title = {The Mathematical Theory of Finite Element Methods},
  publisher = {Springer Science+Business Media},
  year = {2008},
  author = {Brenner, Susanne C. and Scott, L. Ridgway},
  volume = {15},
  series = {Texts in Applied Mathematics},
  address = {New York},
  edition = {3},
  file = {:The Mathematical Theory of FEM_Brenner.pdf:PDF}
}

@BOOK{Brezzi-Fortin1991book,
  title = {Mixed and Hybrid Finite Element Methods},
  publisher = {Springer-Verlag},
  year = {1991},
  author = {Brezzi, F. and Fortin, M.},
  file = {:Mixed and Hybrid FEM_Brezzi.djvu:Djvu}
}

@BOOK{cercignani1994mathematical,
  title = {The Mathematical Theory of Dilute Gases},
  publisher = {Springer},
  year = {1994},
  author = {Cercignani, Carlo and Illner, Reinhard and Pulvirenti, Mario},
  volume = {106},
  address = {New York}
}

@BOOK{chapman1953book,
  title = {The Mathematical Theory of Non-uniform Gases},
  publisher = {Cambridge University Press},
  year = {1953},
  author = {Chapman, S. and Cowling, T.G.},
  file = {:The Mathematical Theory of Non-uniform Gases_Chapman.djvu:Djvu}
}

@BOOK{ciarlet1978book,
  title = {The Finite Element Method for Elliptic Problems},
  publisher = {North-Holland Publishing Company},
  year = {1978},
  author = {Ciarlet, Philippe G.},
  volume = {4},
  series = {Studies in Mathematics and Its Applications},
  address = {Amsterdam},
  file = {:The FEM for Elliptic Problems_Ciarlet.pdf:PDF}
}

@BOOK{coghill2006acs,
  title = {{The ACS Style Guide: Effective Communication of Scientific Information}},
  publisher = {American Chemical Society; Oxford University Press},
  year = {2006},
  author = {Coghill, A.M. and Garson, L.R.},
  volume = {49},
  number = {25},
  file = {:tools and stories/The_ACS_Style_Guide_Effective_Communication_of_Scientific_Information.pdf:PDF},
  isbn = {0841239991},
  issn = {0022-2623}
}

@BOOK{cournat1989bookI,
  title = {{Methods of Mathematical Physics: Volume I}},
  publisher = {John Wiley \& Sons, Inc.},
  year = {1989},
  author = {Courant, R. and Hilbert, D.},
  address = {US},
  file = {:physics/柯朗数学物理/Methods of Mathematical Physics Vol.1_Courant-Hilbert.pdf:PDF}
}

@BOOK{cournat1989bookII,
  title = {{Methods of Mathematical Physics: Volume II}},
  publisher = {John Wiley \& Sons, Inc.},
  year = {1989},
  author = {Courant, R. and Hilbert, D.},
  address = {US},
  file = {:physics/柯朗数学物理/Methods of Mathematical Physics Vol.2_Courant-Hilbert.pdf:PDF}
}

@BOOK{crank1984book,
  title = {Free and Moving Boundary Problems},
  publisher = {Oxford University Press},
  year = {1984},
  author = {Crank, John},
  address = {New York},
  file = {:Free and Moving Boundary Problems (John Crank).djvu:Djvu}
}

@BOOK{danaila2007book,
  title = {An Introduction to Scientific Computing: Twelve Computational Projects
	Solved with MATLAB},
  publisher = {Springer Science + Business Media, LLC},
  year = {2007},
  author = {Danaila, Ionut and Joly, Pascal and Kaber, Sidi Mahmoud and Postel,
	Marie},
  address = {New York},
  comment = {with code. 
	
	It is a good introduction book.},
  file = {:Introduction to SC - 12 Projects with MATLAB_Danaila/book.pdf:PDF}
}

@BOOK{day1998book,
  title = {How to Write and Publish a Scientific Paper},
  publisher = {Oryx Press},
  year = {1998},
  author = {Day, R.A.},
  file = {:tools and stories/How to Write and Publish a Scientific Paper.chm:CHM}
}

@BOOK{dodd1986acs,
  title = {{The ACS Style Guide: A Manual for Authors and Editors}},
  publisher = {American Chemical Society Washington, DC},
  year = {1986},
  author = {Dodd, J.S. and Brogan, M.C.},
  file = {:tools and stories/The_ACS_Style_Guide_A_Manual_for_Authors_and_Editors.djvu:Djvu},
  isbn = {0841209170}
}

@BOOK{elman2005book,
  title = {Finite Elements and Fast Iterative Solvers: with Applications in
	Incompressible Fluid Dynamics},
  publisher = {Oxford University Press},
  year = {2005},
  author = {Elman, Howard C. and Silvester, David J. and Wathen, Andrew J.},
  file = {:FE_Fast_Iterative_Solvers_in_Incompressible_FD_Elman.pdf:PDF}
}

@BOOK{ferreira2009book,
  title = {MATLAB Codes for Finite Element Analysis: Solids and Structures},
  publisher = {Springer Science+Business Media B.V.},
  year = {2009},
  author = {Ferreira, A.J.M.},
  file = {:MATLAB for FE - Solids and Structures_Ferreira.pdf:PDF}
}

@BOOK{feynman1967book,
  title = {The Character of Physical Law},
  publisher = {MIT Press},
  year = {1967},
  author = {Feynman, R.},
  file = {:physics/The Character of Physical Law_Feynman.djvu:Djvu}
}

@BOOK{feynman1964book,
  title = {The Feynman Lectures on Physics},
  publisher = {Addison-Wesley},
  year = {1965},
  author = {Feynman, R.P. and Leighton, R.B. and Sands, M.},
  file = {:physics/费曼物理学讲义/Feynman Lectures on Physics Complete Volumes 1,2,3 - 1376 page.pdf:PDF}
}

@BOOK{feynman1964book_zh,
  title = {费曼物理学讲义及习题},
  publisher = {上海科学技术出版社},
  year = {1965},
  author = {Feynman, R.P. and Leighton, R.B. and Sands, M.},
  file = {:physics/费曼物理学讲义/费曼物理学讲义第一卷.pdf:PDF;:physics/费曼物理学讲义/费曼物理学讲义第二卷.pdf:PDF;:physics/费曼物理学讲义/费曼物理学讲义第三卷.pdf:PDF;:physics/费曼物理学讲义/费曼物理学讲义习题集.pdf:PDF}
}

@BOOK{givoli1992book,
  title = {Numerical Methods for Problems in Infinite Domains},
  publisher = {Elsevier},
  year = {1992},
  author = {Givoli, D.},
  address = {Amsterdam}
}

@BOOK{gocknbach2006book,
  title = {Understanding and Implementing the Finite Element Method},
  publisher = {SIAM},
  year = {2006},
  author = {Gockenbach, M.S.},
  comment = {是書較淺顯明白，乃成最早看完之有限元書。 辛卯五月朔},
  file = {:Understanding And Implementing - FEM_Gockenbach/book.pdf:PDF;:Understanding And Implementing - FEM_Gockenbach/errata.pdf:PDF}
}

@BOOK{golub1996book,
  title = {Matrix Computations},
  publisher = {The Johns Hopkins University Press},
  year = {1996},
  author = {Golub, G.H. and Van Loan, C.F.},
  edition = {3},
  file = {:Matrix_Computations_3ed_Golub-Van_Loan.pdf:PDF}
}

@BOOK{gombosi1994book,
  title = {Gaskinetic Theory},
  publisher = {Cambridge University Press},
  year = {1994},
  author = {Gombosi, T. I.},
  file = {:gas kinetic theory_Gombosi.pdf:PDF}
}

@BOOK{griebel1998book,
  title = {Numerical Simulation in Fluid Dynamics: A Practical Introduction},
  publisher = {SIAM},
  year = {1998},
  author = {Griebel, M. and Dornseifer, T. and Neunhoeffer, T.},
  comment = {with codes},
  file = {:Numerical simulation in FD - Practical Intro_Griebel/book.pdf:PDF}
}

@BOOK{guo1998book,
  title = {Spectral Methods and Their Applications},
  publisher = {World Scientific Publishing Co. Pte. Ltd.},
  year = {1998},
  author = {Guo, B.Y.},
  file = {:Spectral_Methods_and_Their_Applications_Guo.pdf:PDF}
}

@BOOK{hardy1975book,
  title = {An Introduction to the Theory of numbers},
  publisher = {Oxford University Press},
  year = {1975},
  author = {Hardy, G.H. and Wright, E.M.},
  file = {:pure math/Theory of numbers_Hardy.pdf:PDF}
}

@BOOK{hardy1908book,
  title = {A Couse of Pure Mathematics},
  publisher = {Cambridge University Press},
  year = {1908},
  author = {Hardy, G. H.},
  file = {:pure math/A course of pure mathematics_Hardy.djvu:Djvu}
}

@BOOK{hardy1934chinese,
  title = {不等式},
  publisher = {Cambridge University Press},
  year = {1952},
  author = {Hardy, G. H. and Littlewood, J. E. and P{\'o}lya, G.},
  edition = {2},
  file = {:pure math/不等式-G.H.哈代.pdf:PDF}
}

@BOOK{hardy1934inequalities,
  title = {Inequalities},
  publisher = {Cambridge University Press},
  year = {1934},
  author = {Hardy, G. H. and Littlewood, J. E. and P{\'o}lya, G.},
  file = {:pure math/Inequalities_Hardy-Littlewood-Polya.djvu:Djvu}
}

@BOOK{harris2004introduction,
  title = {{An Introduction to the Theory of the Boltzmann Equation}},
  publisher = {Dover Pubns},
  year = {2004},
  author = {Harris, Stewart},
  comment = {Great Master Li said this book is good and worth to read carefully.},
  file = {:Intro to Theory of Boltzmann Eq_Harris.pdf:PDF},
  isbn = {0486438317},
  review = {李師傅說的一本很好的書}
}

@BOOK{Heath1997book,
  title = {Scientific Computing: An Introductory Survey},
  publisher = {The McGraw-Hill Companies},
  year = {1997},
  author = {Heath, M.T.},
  file = {:SCIENTIFIC COMPUTING An Introductory Survey_Heath\\heath_book.pdf:PDF}
}

@BOOK{Higham1998book,
  title = {Handbook of Writing for the Mathematical Sciences},
  publisher = {SIAM},
  year = {1998},
  author = {Higham, N.J.},
  file = {:tools and stories/Handbook+Of+Writing+For+The+Mathematical+Sciences.djvu:Djvu}
}

@BOOK{huang2011book,
  title = {Adaptive Moving Mesh Methods},
  publisher = {Springer Science+Business Media, LLC},
  year = {2011},
  author = {Huang, Weizhang and Russell, Robert D.},
  address = {New York},
  file = {:Adaptive Moving Mesh Methods_Huang.pdf:PDF}
}

@BOOK{Isakov2006book,
  title = {Inverse Problems for Partial Differential Equations},
  publisher = {Springer Science+Business Media, Inc.},
  year = {2006},
  author = {Isakov, V.},
  file = {:Inverse Problems for PDE_Isakov.pdf:PDF}
}

@BOOK{jeans1940book,
  title = {{An Introduction to the Kinetic Theory of Gases}},
  publisher = {Cambridge University Press},
  year = {1940},
  author = {Jeans, J.H.},
  file = {:An Introduction to the Kinetic Theory of Gases_Jeans.pdf:PDF},
  isbn = {0521092329}
}

@BOOK{jeffreys1956book,
  title = {Methods of Mathematical Physics},
  publisher = {Cambridge University Press},
  year = {1956, reprinted 2001},
  author = {Jeffreys, Harold and Jeffreys, Bertha Swirles},
  address = {Cambridge},
  edition = {3}
}

@BOOK{johnson1999book,
  title = {近代欧氏几何学},
  publisher = {上海教育出版社},
  year = {1999},
  author = {Johnson, R.A. and 单墫},
  file = {:pure math/通俗数学名著译丛－－近代欧氏几何学.pdf:PDF}
}

@BOOK{khalil2002book,
  title = {Nonlinear Systems},
  publisher = {Prentice Hall},
  year = {2002},
  author = {Hassan K. Khalil},
  edition = {Third},
  file = {:Nonlinear_systems_Khalil/Nonlinear Systems_Hassan K. Khalil_3rd Edition_1.pdf:PDF;:Nonlinear_systems_Khalil/Nonlinear Systems_Hassan K. Khalil_3rd Edition_2.pdf:PDF}
}

@BOOK{khalil_chinese,
  title = {非线性系统},
  publisher = {电子工业出版社},
  author = {Kassan K. Khalil},
  edition = {第三版},
  file = {:Nonlinear_systems_Khalil/非线性系统_中文翻译第三版_Khalil.pdf:PDF}
}

@BOOK{LeVeque2004book,
  title = {Finite Volume Methods for Hyperbolic Problems},
  publisher = {Cambridge University Press},
  year = {2004},
  author = {LeVeque, Randall J.},
  file = {:FVM+For+Hyperbolic+Problems_LeVeque.pdf:PDF}
}

@BOOK{LeVeque1992book,
  title = {{Numerical Methods for Conservation Laws}},
  publisher = {Birkh{\"a}user},
  year = {1992},
  author = {LeVeque, Randall J.},
  file = {:Numerical methods for Conservation laws_LeVeque.pdf:PDF},
  isbn = {3764327235}
}

@BOOK{li1999book,
  title = {{数学物理中的渐近方法}},
  publisher = {科学出版社},
  year = {1999},
  author = {Li, J. and Zhou, X.},
  file = {:physics/中国科学院研究生教学丛书  数学物理中的渐近方法（李家春  周显初）.pdf:PDF},
  isbn = {7030061098}
}

@BOOK{li2006IIM,
  title = {The Immersed Interface Method: Numerical Solutions of PDEs Involving
	Interfaces and Irregular Domains},
  publisher = {SIAM},
  year = {2006},
  author = {Li, Zhilin and Ito, Kazufumi},
  series = {Frontiers in Applied Mathemaics},
  address = {Philadelphia},
  file = {:The_Immersed_Interface_Method_Li.djvu:Djvu}
}

@BOOK{liu2001book,
  title = {Monte Carlo Strategies in Scientific Computing},
  publisher = {Springer-Verlag},
  year = {2001},
  author = {Liu, Jun S.},
  address = {New York},
  file = {:Monte Carlo Strategies in SC.pdf:PDF}
}

@BOOK{lohner2008book,
  title = {Applied Computational Fluid Dynamics Techniques: An Introduction
	Based on Finite Element Methods},
  publisher = {John Wiley \& Sons},
  year = {2008},
  author = {L{\"o}hner, Rainald},
  address = {England},
  edition = {2},
  file = {:Applied CFD Techniques(2008).pdf:PDF}
}

@BOOK{mathew2008book,
  title = {Domain Decomposition Methods for the Numerical Solution of Partial
	Differential Equations},
  publisher = {Springer-Verlag},
  year = {2008},
  author = {Mathew, Tarek Poonithara Abraham},
  series = {Lecture Notes in Computational Science and Engineering},
  address = {Berlin},
  file = {:Domain decomposition methods_Mathew.pdf:PDF}
}

@BOOK{mitrinovic1970analytic,
  title = {{Analytic Inequalities}},
  publisher = {Springer-Verlag},
  year = {1970},
  author = {Mitrinovi{\'c}, D.S. and Vasi{\'c}, P.M.},
  address = {New York}
}

@BOOK{nocedal2006book,
  title = {Numerical Optimization},
  publisher = {Spinger Science+Business Media},
  year = {2006},
  author = {Nocedal, Jorge and Wright, Stephen J.},
  address = {New York},
  file = {:NumericalOptimization/Book2ed_Nocedal-Wright.pdf:PDF;:NumericalOptimization/Errata2ed.pdf:PDF;:NumericalOptimization/Book1Ed_Nocedal-Wright.pdf:PDF;:NumericalOptimization/Errata1ed2printing.pdf:PDF}
}

@BOOK{osher2003book,
  title = {Level Set Methods and Dynamic Implicit Surfaces},
  publisher = {Springer-Verlag},
  year = {2003},
  author = {Osher, Stanley and Fedkiw, Ronald},
  address = {New York},
  file = {:LevelSetMethods.pdf:PDF}
}

@BOOK{pauli_book,
  title = {物理学讲义},
  publisher = {人民教育出版社},
  year = {1982},
  author = {Pauli, W.},
  file = {:physics/泡利物理学讲义/01电动力学.pdf:PDF;:physics/泡利物理学讲义/02光学和电子论.pdf:PDF;:physics/泡利物理学讲义/03热力学和气体分子动力学.pdf:PDF;:physics/泡利物理学讲义/04统计力学.pdf:PDF;:physics/泡利物理学讲义/05波动力学.pdf:PDF;:physics/泡利物理学讲义/06场量子化选题.pdf:PDF}
}

@BOOK{Platen2006book,
  title = {A Benchmark Approach to Quantitative Finance},
  publisher = {Springer-Verlag},
  year = {2006},
  author = {Platen, E. and Heath, D.},
  address = {Berlin},
  file = {:A_benchmark_approach_to_quantitative_finance_Platen.pdf:PDF}
}

@BOOK{pope2000book,
  title = {Turbulence Flows},
  publisher = {Cambridge University Press},
  year = {2000},
  author = {Pope, Stephen B.},
  comment = {http://eccentric.mae.cornell.edu/~pope/TurbulentFlows.html
	
	Solutions to some of the exercises in the book are available in PDF
	format in this website.},
  file = {:Turbulent_flows_Pope/Turbulent_flows.djvu:Djvu;:Turbulent_flows_Pope/corrections.pdf:PDF}
}

@BOOK{Qin-Wang2009book,
  title = {MATAB and C Programming for Trefftz Finite Element Methods},
  publisher = {Taylor \& Francis Group, LLC},
  year = {2009},
  author = {Qin, Q.H. and Wang, H.},
  file = {:MATLAB and C for Trefftz FEM_Qin-Wang.pdf:PDF}
}

@BOOK{robinson2008write,
  title = {{Write Like a Chemist: A Guide and Resource}},
  publisher = {Oxford University Press, USA},
  year = {2008},
  author = {Robinson, M.S. and Stoller, F. and Costanza-Robinson, M.},
  file = {:tools and stories/Write Like a Chemist.pdf:PDF},
  isbn = {0195305078}
}

@BOOK{Saad2003book,
  title = {Iterative Methods for Sparse Linear Systems},
  publisher = {SIAM},
  year = {2003},
  author = {Saad, Y.},
  file = {:Iterative methods for Sparse linear systems_Saad\\book.pdf:PDF;:Iterative methods for Sparse linear systems_Saad/errata_1.pdf:PDF;:Iterative methods for Sparse linear systems_Saad/errata_2.pdf:PDF}
}

@BOOK{Sahoo1998book,
  title = {Mean Value Theorems and Functional Equations},
  publisher = {World Scientific Publishing Co. Pte. Ltd.},
  year = {1998},
  author = {Sahoo, P.K. and Riedel, T.},
  file = {:pure math/Mean_Value_Theorms_and_Functional_Equations.djvu:Djvu}
}

@BOOK{Sakurai1994book,
  title = {Modern Quantum Mechanics ( Revised edition ) with solutions manual},
  publisher = {Addison-Wesley Publishing Company, Inc.},
  year = {1994},
  editor = {San Fu Tuan},
  author = {Sakurai, J.J.},
  file = {:physics/Modern_Quantum_Mechanics_revised_edition_Sakurai1994 with solutions manual by Saltsidis-Brinne1999.pdf:PDF}
}

@BOOK{samarskii1995blow,
  title = {{Blow-up in Quasilinear Parabolic Equations}},
  publisher = {Walter de Gruyter},
  year = {1995},
  author = {Samarskii, A.A. and Galaktionov, V.A. and Kurdyumov, S.P. and Mikhailov,
	A.P.},
  file = {:Blow-Up in Quasilinear Parabolic Equations_samarskii.pdf:PDF},
  isbn = {3110127547}
}

@BOOK{sethian1999book,
  title = {Level Set Methods and Fast Marching Methods},
  publisher = {Cambridge University Press},
  year = {1999},
  author = {Sethian, J. A.},
  address = {New York},
  file = {:Level Set Methods and Fast Marching Methods.pdf:PDF}
}

@BOOK{shapira2008book,
  title = {Matrix-based Multigrid: Theory and Applications},
  publisher = {Springer Science+Business Media},
  year = {2008},
  author = {Shapira, Yair},
  volume = {2},
  series = {Numerical Methods and Algorithms},
  address = {New York},
  edition = {2},
  file = {:Matrix-Based.Multigrid.2008.pdf:PDF}
}

@BOOK{shapiro2009book,
  title = {Lectures on Stochastic Programming: Modeling and Theory},
  publisher = {SIAM},
  year = {2009},
  author = {Shapiro, Alexander and Dentcheva, Darinka and Ruszczy{\'n}ski, Andrzej},
  file = {:Lectures on Stochastic Programming.pdf:PDF}
}

@BOOK{Shen-Tang_book,
  title = {Introduction to Spectral Methods},
  author = {Shen, J. and Tang, T.},
  file = {:Introduction to Spectral Methods_Shen-Tang\\Introduction to Spectral Methods.pdf:PDF}
}

@BOOK{Shen-Tang2006book,
  title = {Spectral and High-Order Methods with Applications},
  publisher = {Science Press},
  year = {2006},
  author = {Shen, J. and Tang, T.},
  comment = {with codes},
  file = {:Spectral and High-Order Methods with Applications_Shen-Tang\\contents.pdf:PDF;:Spectral and High-Order Methods with Applications_Shen-Tang/Chapter1.pdf:PDF;:Spectral and High-Order Methods with Applications_Shen-Tang/Chapter2.pdf:PDF;:Spectral and High-Order Methods with Applications_Shen-Tang/Chapter3.pdf:PDF;:Spectral and High-Order Methods with Applications_Shen-Tang/Chapter4.pdf:PDF;:Spectral and High-Order Methods with Applications_Shen-Tang/Chapter5.pdf:PDF;:Spectral and High-Order Methods with Applications_Shen-Tang/Chapter6.pdf:PDF;:Spectral and High-Order Methods with Applications_Shen-Tang/Chapter7.pdf:PDF;:Spectral and High-Order Methods with Applications_Shen-Tang/erratum.pdf:PDF}
}

@BOOK{shen2011book,
  title = {Spectral Methods: Algorithms, Analysis and Applications},
  publisher = {Springer-Verlag},
  year = {2011},
  author = {Shen, Jie and Tang, Tao and Wang, Li-Lian},
  address = {Berlin},
  file = {:Spectral Methods_Shen-Tang-Wang.pdf:PDF}
}

@BOOKLET{tang2004book,
  title = {偏微分方程的移动网格方法},
  author = {Tang, T. and Li, R. and Zhang, Z.},
  year = {2004},
  file = {:偏微分方程的移动网格方法.ps:PostScript}
}

@BOOK{tang2007book,
  title = {{Adaptive Computations: Theory and Algorithms}},
  publisher = {Science Press},
  year = {2007},
  author = {Tang, Tao and Xu, J.},
  address = {Beijing},
  isbn = {7030184211}
}

@BOOK{Toselli2005book,
  title = {Domain Decomposition Methods - Algorithms and Theory},
  publisher = {Springer-Verlag},
  year = {2005},
  author = {Toselli, Andrea and Widlund, Olof B.},
  volume = {34},
  series = {Springer Series in Computational Mathematics},
  address = {Berlin},
  file = {:Domain Decomposition Methods_Toselli/00 front-matter.pdf:PDF;:Domain Decomposition Methods_Toselli/01 Introduction.pdf:PDF;:Domain Decomposition Methods_Toselli/02 Abstract Theory of Schwarz Methods.pdf:PDF;:Domain Decomposition Methods_Toselli/03 Two-Level Overlapping Methods.pdf:PDF;:Domain Decomposition Methods_Toselli/04 Substructuring Methods, Introduction.pdf:PDF;:Domain Decomposition Methods_Toselli/05 Primal Iterative Substructuring Methods.pdf:PDF;:Domain Decomposition Methods_Toselli/06 Neumann-Neumann and FETI Methods.pdf:PDF;:Domain Decomposition Methods_Toselli/07 Spectral Element Methods.pdf:PDF;:Domain Decomposition Methods_Toselli/08 Linear Elasticity.pdf:PDF;:Domain Decomposition Methods_Toselli/09 Preconditioners for Saddle Point Problems.pdf:PDF;:Domain Decomposition Methods_Toselli/10 Problems in H (div \; ω) and H (curl \; ω).pdf:PDF;:Domain Decomposition Methods_Toselli/11 Indefinite and Nonsymmetric Problems.pdf:PDF;:Domain Decomposition Methods_Toselli/12 Elliptic Problems and Sobolev Spaces.pdf:PDF;:Domain Decomposition Methods_Toselli/13 Galerkin Approximations.pdf:PDF;:Domain Decomposition Methods_Toselli/14 Solution of Algebraic Linear Systems.pdf:PDF;:Domain Decomposition Methods_Toselli/15 back-matter.pdf:PDF}
}

@BOOK{tracy2008eat,
  title = {{Eat That Frog!}},
  publisher = {Read How You Want},
  year = {2008},
  author = {Tracy, B.},
  file = {:tools and stories/Eat_that_frog_Tracy.pdf:PDF},
  isbn = {1427085781}
}

@BOOK{ukim_Heros,
  title = {Heros in my heart},
  publisher = {Peking Univ},
  editor = {Peking Univ's student},
  author = {ukim},
  file = {:tools and stories/Heroes in my Heart.pdf:PDF}
}

@BOOK{Vogel2002book,
  title = {Computational Methods for Inverse Problems},
  publisher = {SIAM},
  year = {2002},
  author = {Vogel, C.R.},
  file = {:Computational Methods for Inverse Problems_Vogel.pdf:PDF}
}

@BOOK{Wesseling1991book,
  title = {An Introduction to Multigrid Methods},
  publisher = {John Wiley \& Sons},
  year = {1991},
  author = {Wesseling, P.},
  file = {:An Introduction to Multigrid Methods_Wesseling.pdf:PDF}
}

@BOOK{wilcox1994book,
  title = {Turbulence Modeling for CFD},
  publisher = {DCW Industries},
  year = {1994},
  author = {Wilcox, David C.},
  address = {California},
  file = {:Turbulence modeling for CFD - Wilcox D.pdf:PDF}
}

@BOOK{wolfram2002book,
  title = {A New Kind of Science},
  publisher = {Wolfram Media, Inc.},
  year = {2002},
  author = {Wolfram, S.},
  file = {:tools and stories/New.Kind.Of.Science.Wolfram.pdf:PDF}
}

@BOOK{yu2001book,
  title = {{高性能计算之并行编程技术——MPI 并行程序设计}},
  publisher = {清华大学出版社},
  year = {2001},
  author = {Yu, Z.},
  file = {:高性能计算之并行编程技术.pdf:PDF}
}

@BOOK{Zhang-Li2006book,
  title = {并行计算导论与讲义},
  publisher = {清华大学出版社},
  year = {2006},
  author = {Zhang, L.B. and Chi, X.B. and Mo, Z.Y. and Li, R.},
  file = {:并行计算导论/并行计算导论.pdf:PDF;:并行计算导论/bxjs.pdf:PDF}
}

@BOOK{Zienkiewicz-Taylor2005book,
  title = {The Finite Element Method},
  publisher = {Elsevier Ltd.},
  year = {2005},
  author = {Zienkiewicz, O.C. and Taylor, R.L.},
  edition = {Sixth},
  file = {:Finite Element Method Ed6_Zienkiewicz-Taylor.pdf:PDF}
}

@BOOK{Zienkiewicz-Taylor2005book_partIII,
  title = {The Finite Element Method for Fluid Dynamics},
  publisher = {Elsevier Ltd.},
  year = {2005},
  author = {Zienkiewicz, O.C. and Taylor, R.L. and Nithiarasu, P.},
  edition = {Sixth},
  file = {:The FEM for Fluid Dynamics_6_Ed.PDF:PDF}
}

@BOOK{yu2003book,
  title = {微分方程数值解法},
  publisher = {科学出版社},
  year = {2003},
  author = {余德浩 and 汤华中},
  series = {中国科学院研究生教学丛书},
  address = {北京}
}

@BOOK{ye2008book,
  title = {数值分析基础},
  publisher = {浙江大学出版社},
  year = {2008},
  author = {叶兴德 and 程晓良 and 陈明飞 and 薛莲},
  address = {杭州},
  file = {:数值分析基础_叶兴德等/数值分析基础最终稿.pdf:PDF}
}

@BOOK{lv1999book,
  title = {区域分解算法$--$偏微分方程数值解新技术},
  publisher = {科学出版社},
  year = {1992, 1999 重印},
  author = {吕涛 and 石济民 and 林振宝},
  series = {计算方法丛书},
  address = {北京},
  file = {:区域分解算法_吕涛.pdf:PDF}
}

@BOOK{xu1982book,
  title = {数学分析的方法及例题选讲\ (修订版)},
  publisher = {高等教育出版社},
  year = {1982},
  author = {徐利治 and 王兴华},
  address = {北京}
}

@BOOK{wang2004book,
  title = {有限元方法的数学基础},
  publisher = {科学出版社},
  year = {2004},
  author = {王烈衡 and 许学军},
  address = {北京}
}

@BOOK{zhang1986zh,
  title = {流体力学中的有限元方法},
  publisher = {机械工业出版社},
  year = {1986},
  author = {章本照},
  file = {:流体力学中的有限元方法.pdf:PDF}
}

@BOOK{han2009book,
  title = {人工边界方法: 无界区域上的偏微分方程数值解},
  publisher = {清华大学出版社},
  year = {2009},
  author = {韩厚德 and 巫孝南},
  address = {北京}
}

@BOOK{Handbook,
  title = {Handbook of Mathematical Functions with Formulas, Graphs, and Mathematical
	Tables},
  editor = {Abramowitz, M. and Stegun, I.A.},
  file = {:tools and stories/Handbook.Of.Mathematical.Functions.pdf:PDF}
}

@PROCEEDINGS{McCormick1987book,
  title = {Multigrid Methods},
  year = {1987},
  editor = {Stephen F. McCormick},
  series = {Frontiers in Applied Mathematics},
  publisher = {SIAM},
  file = {:Multigrid_methods_McCormick.pdf:PDF}
}

@BOOK{scherzer2011book,
  title = {Handbook of Mathematical Methods in Imaging},
  publisher = {Springer Science+Business Media},
  year = {2011},
  editor = {Scherzer, O.},
  file = {:tools and stories/Handbook of Mathematical Methods in Imaging.pdf:PDF}
}

@BOOK{thompson1999handbook,
  title = {Handbook of Grid Generation},
  publisher = {CRC},
  year = {1999},
  editor = {Thompson, Joe F. and Soni, Bharat K. and Weatherill, Nigel P.},
  address = {Florida},
  file = {:tools and stories/Handbook_of_grid_generation.djvu:Djvu}
}

@comment{jabref-meta: selector_publisher:}

@comment{jabref-meta: selector_author:}

@comment{jabref-meta: selector_journal:}

@comment{jabref-meta: selector_keywords:}

@comment{jabref-meta: groupsversion:3;}

@comment{jabref-meta: groupstree:
0 AllEntriesGroup:;
1 ExplicitGroup:pure math\;0\;Sahoo1998book\;beckenbach1965inequalitie
s\;courant1958zh\;courant1977zh\;cournat1989bookI\;cournat1989bookII\;
hardy1908book\;hardy1934chinese\;hardy1934inequalities\;hardy1975book\
;jeffreys1956book\;johnson1999book\;mitrinovic1970analytic\;;
1 ExplicitGroup:applied math\;0\;Brezzi-Fortin1991book\;Heath1997book\
;Isakov2006book\;LeVeque1992book\;LeVeque2004book\;McCormick1987book\;
Platen2006book\;Qin-Wang2009book\;Saad2003book\;Shen-Tang2006book\;She
n-Tang_book\;Toselli2005book\;Vogel2002book\;Wesseling1991book\;Zhang-
Li2006book\;Zienkiewicz-Taylor2005book\;Zienkiewicz-Taylor2005book_par
tIII\;anderson1995book\;anderson2001book\;anderson2007book\;baines1994
book\;boltzmann1995lectures\;bondeson2005book\;braess2007book\;brandt2
011book\;brenner-scott2008book\;cercignani1994mathematical\;chapman195
3book\;ciarlet1978book\;courant1958zh\;courant1977zh\;cournat1989bookI
\;cournat1989bookII\;crank1984book\;danaila2007book\;elman2005book\;fe
rreira2009book\;givoli1992book\;gocknbach2006book\;golub1996book\;gomb
osi1994book\;griebel1998book\;guo1998book\;han2009book\;harris2004intr
oduction\;huang2011book\;jeans1940book\;jeffreys1956book\;khalil2002bo
ok\;khalil_chinese\;li1999book\;li2006IIM\;liu2001book\;lohner2008book
\;lv1999book\;mathew2008book\;nocedal2006book\;osher2003book\;pope2000
book\;samarskii1995blow\;scherzer2011book\;sethian1999book\;shapira200
8book\;shapiro2009book\;shen2011book\;tang2004book\;tang2007book\;thom
pson1999handbook\;wang2004book\;wilcox1994book\;ye2008book\;yu2001book
\;yu2003book\;zhang1986zh\;;
2 ExplicitGroup:introduction\;0\;Heath1997book\;courant1958zh\;courant
1977zh\;cournat1989bookI\;cournat1989bookII\;danaila2007book\;jeffreys
1956book\;ye2008book\;yu2003book\;;
2 ExplicitGroup:finite element method\;0\;Brezzi-Fortin1991book\;Qin-W
ang2009book\;Zienkiewicz-Taylor2005book\;Zienkiewicz-Taylor2005book_pa
rtIII\;baines1994book\;braess2007book\;brenner-scott2008book\;ciarlet1
978book\;elman2005book\;ferreira2009book\;gocknbach2006book\;lohner200
8book\;wang2004book\;zhang1986zh\;;
2 ExplicitGroup:finite difference method\;0\;griebel1998book\;;
2 ExplicitGroup:finite volume method\;0\;LeVeque1992book\;LeVeque2004b
ook\;;
2 ExplicitGroup:spectral method\;0\;Shen-Tang2006book\;Shen-Tang_book\
;guo1998book\;shen2011book\;;
2 ExplicitGroup:adaptive method\;0\;baines1994book\;huang2011book\;tan
g2004book\;tang2007book\;;
2 ExplicitGroup:numerical algebra\;0\;McCormick1987book\;Saad2003book\
;Wesseling1991book\;brandt2011book\;golub1996book\;shapira2008book\;;
2 ExplicitGroup:parallel computing\;0\;Toselli2005book\;Wesseling1991b
ook\;Zhang-Li2006book\;lv1999book\;mathew2008book\;yu2001book\;;
2 ExplicitGroup:optimization\;0\;nocedal2006book\;;
2 ExplicitGroup:CFD (Navier-Stokes or Euler)\;0\;Zienkiewicz-Taylor200
5book_partIII\;anderson1995book\;anderson2001book\;anderson2007book\;b
randt2011book\;elman2005book\;griebel1998book\;lohner2008book\;zhang19
86zh\;;
2 ExplicitGroup:gas kinetic (Boltzmann)\;0\;boltzmann1995lectures\;cer
cignani1994mathematical\;chapman1953book\;gombosi1994book\;harris2004i
ntroduction\;jeans1940book\;;
2 ExplicitGroup:Turbulence\;0\;pope2000book\;wilcox1994book\;;
2 ExplicitGroup:Maxwell eq.\;0\;bondeson2005book\;;
2 ExplicitGroup:interface\;0\;li2006IIM\;osher2003book\;sethian1999boo
k\;;
2 ExplicitGroup:inverse problem\;0\;Isakov2006book\;Vogel2002book\;;
2 ExplicitGroup:graphics\;0\;scherzer2011book\;thompson1999handbook\;;
2 ExplicitGroup:finance\;0\;Platen2006book\;;
2 ExplicitGroup:others\;0\;crank1984book\;givoli1992book\;han2009book\
;khalil2002book\;khalil_chinese\;li1999book\;liu2001book\;samarskii199
5blow\;shapiro2009book\;thompson1999handbook\;;
1 ExplicitGroup:stories and others\;0\;feynman1967book\;tracy2008eat\;
ukim_Heros\;wolfram2002book\;;
1 ExplicitGroup:physics\;0\;Born-Wolf1999book\;Born-Wolf1999chinese\;S
akurai1994book\;courant1958zh\;courant1977zh\;cournat1989bookI\;courna
t1989bookII\;feynman1964book\;feynman1964book_zh\;feynman1967book\;jef
freys1956book\;li1999book\;pauli_book\;;
1 ExplicitGroup:tools\;0\;Handbook\;Higham1998book\;ashby2005write\;co
ghill2006acs\;courant1958zh\;courant1977zh\;cournat1989bookI\;cournat1
989bookII\;day1998book\;dodd1986acs\;jeffreys1956book\;robinson2008wri
te\;scherzer2011book\;thompson1999handbook\;;
1 ExplicitGroup:汉文\;0\;Born-Wolf1999chinese\;Zhang-Li2006book\;anderso
n2007book\;courant1958zh\;courant1977zh\;feynman1964book_zh\;hardy1934
chinese\;johnson1999book\;khalil_chinese\;li1999book\;pauli_book\;tang
2004book\;ukim_Heros\;ye2008book\;yu2001book\;zhang1986zh\;;
}

